@book{Bernhardi.1883,
  author     = {Bernhardi, Wilhelm},
  year       = {1883},
  title      = {Konrad III},
  shorttitle = {Konrad},
  address    = {Leipzig},
  volume     = {16,2},
  publisher  = {Duncker {\&} Humblot},
  series     = {Jahrb{\"u}cher der deutschen Geschichte},
  keywords   = {Quelle}
}

@online{heise:notPetya:scherschel,
  title        = {3 Jahre NotPetya: Der Erpressungstrojaner, der keiner war},
  organization = {heise online},
  author       = {Fabian A. Scherschel},
  date         = {2020},
  addendum     = {abgerufen am 24.09.2020},
  url          = {https://www.heise.de/hintergrund/3-Jahre-NotPetya-Der-Erpressungstrojaner-der-keiner-war-4797250.html},
  keywords     = {untrusted, Quelle}
}

@online{ukraine:steckbrief,
  title        = {Ukraine},
  organization = {Auswaertiges Amt},
  date         = {2020},
  addendum     = {abgerufen am 24.09.2020},
  url          = {https://www.auswaertiges-amt.de/de/aussenpolitik/laender/ukraine-node},
  keywords     = {untrusted}
}

@online{wiki:ransomeware,
  title        = {Ransomeware},
  organization = {Wikipedia},
  date         = {2020},
  addendum     = {abgerufen am 24.09.2020},
  url          = {https://de.wikipedia.org/wiki/Ransomware},
  keywords     = {untrusted}
}

@online{wiki:petya,
  title        = {Petya},
  organization = {Wikipedia},
  date         = {2020},
  addendum     = {abgerufen am 25.09.2020},
  url          = {https://de.wikipedia.org/wiki/Petya},
  keywords     = {untrusted}
}

@online{medoc,
  title        = {M.E.Doc},
  organization = {MEDoc. Corporation},
  date         = {2020},
  addendum     = {abgerufen am 25.09.2020},
  url          = {https://medoc.ua},
  keywords     = {untrusted}
}

@online{1x1hacken,
  title        = {Einmaleins des Hacking},
  organization = {GlobalSign},
  date         = {2018},
  addendum     = {abgerufen am 25.09.2020},
  url          = {https://www.globalsign.com/de-de/blog/einmaleins-des-hackings},
  keywords     = {untrusted}
}

@online{sophos,
  title        = {How Ransomware Attacks},
  organization = {SophosLabs},
  author       = {Mark Loman},
  date         = {2019},
  addendum     = {abgerufen am 25.09.2020},
  url          = {https://www.sophos.com/en-us/medialibrary/PDFs/technical-papers/sophoslabs-ransomware-behavior-report.pdf},
  keywords     = {untrusted}
}

@online{tripwire,
  title        = {NotPetya: Timeline of a Ransomworm},
  organization = {Tripwire},
  author       = {David Bisson},
  date         = {2017},
  addendum     = {abgerufen am 25.09.2020},
  url          = {https://www.tripwire.com/state-of-security/security-data-protection/cyber-security/notpetya-timeline-of-a-ransomworm/},
  keywords     = {untrusted}
}

@online{darknetdiaries,
  title        = {NotPetya},
  organization = {Darknet Diaries},
  author       = {Jack Rhysider},
  date         = {2019},
  url          = {https://darknetdiaries.com/transcript/54/},
  keywords     = {untrusted},
  addendum     = {abgerufen am 25.09.2020}
}